@article{reproducibleResearch,
  title={{Reproducible Research with R and R Studio}},
  author={Gandrud, C},
  year={2015}
}

@Misc{tidyverse,
  Title  = {\emph{R packages for data science}},
  Url = {https://www.tidyverse.org/}
}

@Misc{RProject,
  Title  = {\emph{The R Project for Statistical Computing}},
  Url = {https://www.r-project.org/about.html}
}

@Misc{dplyr,
  Title  = {\emph{dplyr: A Grammar of Data Manipulation}},
  Url = {https://dplyr.tidyverse.org/}
}

@Misc{arules,
  Title  = {\emph{arules: Mining Association Rules and Frequent Itemsets}},
  Url = {https://cran.r-project.org/web/packages/arules/index.html}
}

@Misc{arulesVis,
  Title  = {\emph{arulesVis: Visualizing Association Rules and Frequent Itemsets}},
  Url = {https://cran.r-project.org/web/packages/arulesViz/index.html}
}
